@Article{AlFardan2013,
  author  = {Nadhem J. AlFardan; Kenneth G. Paterson},
  journal = {IEEE Symposium on Security and Privacy},
  title   = {Lucky Thirteen: Breaking the TLS and DTLS Record Protocols},
  year    = {2013},
},
@Article{Rizzo2010,
  author  = {Juliano Rizzo; Thai Duong},
  journal = {USENIX WOOT},
  title   = {Practical Padding Oracle Attacks},
  year    = {2010},
}

@Comment{jabref-meta: databaseType:bibtex;}
